@article{Oliva:2006:HI:1141911.1141919,
 author = {Oliva, Aude and Torralba, Antonio and Schyns, Philippe G.},
 title = {Hybrid Images},
 journal = {ACM Trans. Graph.},
 issue_date = {July 2006},
 volume = {25},
 number = {3},
 month = jul,
 year = {2006},
 issn = {0730-0301},
 pages = {527--532},
 numpages = {6},
 url = {http://doi.acm.org/10.1145/1141911.1141919},
 doi = {10.1145/1141911.1141919},
 acmid = {1141919},
 publisher = {ACM},
 address = {New York, NY, USA},
 keywords = {human perception, hybrid images, scale space},
}